2744 4486
618 147 625 182 l

391 267 421 344 8·
515 266 1097 346 ConnrcraMuorcrnia
1177 272 1183 281 ’
1296 271 1304 280 “

390 394 465 468 licis
482 394 700 466 monumenti
714 393 888 491 inscriptio
906 445 919 484 ,
944 394 1044 468 turba
1062 395 1095 468 se
1113 395 1234 470 Medi·

391 517 512 566 corum
538 493 694 590 periisse:
724 493 811 584 (2⁶).
863 493 1092 590 ifippocrates
1117 515 1239 568 tamen

394 598 470 684 (27)
489 611 600 665 ratum
619 591 759 680 habuit,
784 616 855 663 non
879 592 1081 664 indecorum
1096 594 1185 684 effe,
1210 591 1238 666 fi

395 690 557 762 Medicus
581 691 618 760 in
643 691 691 762 rei
716 689 887 786 praesentis
910 691 1062 789 angustia
1079 699 1171 764 c'nca
1188 715 1238 762 ae·

395 811 498 888 grum
518 788 648 862 versans
664 789 745 860 alios
759 813 898 888 quoque
923 788 1077 861 acecrfiri
1097 790 1241 884 albeat,

397 913 468 986 quo
486 888 663 960 communi
683 885 932 984 confilio,quae
940 889 1138 962 exutilitate
1155 890 1242 988 aegri

396 987 491 1070 sunt,
517 986 772 1083 disquirantur,
796 985 833 1058 ὃ(
857 987 907 1059 illi
931 988 977 1058 od
1003 985 1241 1084 praefidiorum

236 1109 271 1154 ut
290 1099 371 1175 treat-
398 1085 595 1158 facultatem
621 1109 740 1182 operas
763 1083 832 1160 suas
849 1109 916 1158 una
933 1085 1122 1160 conserant.
1149 1087 1243 1160 Non

237 1181 521 1288 {lleffiadebere
555 1188 752 1256 autemeos
778 1181 888 1256 verbis
919 1184 1017 1256 inter
1040 1183 1073 1256 sc
1105 1187 1151 1258 de
1178 1178 1242 1258 ‘sta-

192 1343 201 1362 .
238 1291 384 1414 pigredo
399 1302 439 1356 tu
454 1307 485 1356 κ
513 1282 540 1354 ri
562 1283 791 1374 contendere,
816 1305 925 1380 neque
941 1283 984 1356 de
1005 1283 1148 1356 locovel
1166 1304 1242 1381 pan.

296 1393 303 1412 ⁸
401 1401 481 1456 tea
528 1379 610 1472 tta,
643 1406 686 1455 ne
713 1382 890 1456 videantur
914 1381 960 1456 in
986 1383 1121 1455 occulta
1146 1407 1243 1480 quae-

307 1483 311 1488 ’
356 1485 362 1491 ’
404 1481 513 1582 stione
528 1480 672 1554 versari:
696 1477 775 1572 (28)
801 1481 919 1569 aliter,
944 1504 984 1552 ac
999 1481 1091 1572 dixi,
1108 1479 1133 1552 sr
1149 1481 1243 1553 fecer

305 1623 308 1632 >
404 1583 499 1678 rint5
514 1579 578 1654 hos
615 1578 646 1652 se
673 1579 759 1673 ipsos
787 1575 934 1652 ludibrio
961 1599 1142 1678 exponere.
1193 1579 1243 1656 Et
1363 1659 1364 1662 Ἴ

404 1689 568 1778 quantum
593 1679 634 1750 ad
658 1679 915 1777 Hippocratem
942 1681 1088 1769 attinet,
1109 1677 1142 1751 se
1164 1681 1244 1779 jure
1363 1703 1364 1748 3

399 1777 547 1878 jurando
565 1774 733 1850 affirmare
750 1777 873 1875 posse,
897 1774 1033 1868 scribit,
1061 1776 1245 1852 Medicum

401 1877 536 1952 ratione
548 1895 706 1949 utentem
723 1927 737 1967 ‚
752 1875 904 1950 alterum
927 1899 1101 1974 nunquam
1125 1899 1169 1950 cx
1192 1876 1247 1950 in-

403 1974 556 2048 videntia
571 1974 874 2048 calumniaturum:
900 1975 1004 2050 talcm
1023 1976 1152 2048 etenim
1170 1976 1245 2047 ani·

404 2075 454 2146 mi
469 2072 516 2146 sui
533 2073 772 2170 impotentiam
791 2072 1031 2172 proditurum,
1056 2073 1093 2147 dt
1118 2072 1152 2146 se
1176 2075 1248 2166 eis,

405 2172 466 2270 qui
479 2169 649 2247 sorensem
666 2171 834 2270 quaestum
861 2167 1057 2264 sedantur,
1082 2170 1248 2248 adimula·

405 2289 533 2346 turum.

243 2385 313 2433 nun
322 2381 378 2430 Me·
456 2383 485 2458 §.
494 2393 530 2470 7.
556 2367 726 2466 Equidem
740 2367 816 2445 sunt
831 2367 932 2470 aliqui
947 2421 960 2462 ‚
974 2374 1044 2482 ¹qui
1067 2339 1248 2446 se‘mirmn
1364 2391 1365 2444 l

244 2443 294 2494 dici
307 2441 369 2492 salut
411 2472 418 2487 .

244 2505 381 2558 aroana
408 2495 444 2546 rn
462 2470 607 2544 modum
624 2467 816 2562 oblectant,
841 2469 868 2542 s1
886 2495 1027 2542 nomme
1052 2471 1159 2544 felicis
1176 2469 1249 2544 sor·

247 2567 396 2634 ⁶⁶⁸⁶⁰s⁶³ll
409 2571 563 2644 tunative
581 2567 722 2665 pradiici
740 2569 1015 2668 compellantur:
1041 2593 1159 2644 verum
1183 2569 1250 2644 hos
1364 2589 1365 2610 ³

410 2669 515 2744 flocci
532 2665 615 2740 iacit
629 2667 870 2765 Hippocrates.
915 2665 1091 2764 Siquidem
1110 2668 1249 2744 salutem

411 2769 482 2866 ejus
490 2817 507 2860 ,ι
528 2767 586 2862 qui
602 2765 680 2840 artis
706 2767 850 2839 medicae
866 2769 1101 2864 cognitionem
1121 2766 1250 2840 habuc·

411 2869 485 2954 rit,
509 2863 578 2938 hoc
605 2863 654 2936 est
678 2864 822 2962 fingulas
854 2863 890 2936 ὃ(
922 2863 1179 2940 consuetudines
1212 2864 1251 2942 δί

411 2986 609 3062 tempotum
623 2961 815 3037 occasiones
840 2962 1021 3055 didicerit,
1046 2963 1251 3051 arbitratur,

411 3065 556 3136 minime
579 3061 765 3135 aiFortuna
780 3060 997 3158 dependere3
1024 3061 1078 3133 sed
1102 3064 1251 3134 cundem

413 3160 482 3236 fine
499 3161 535 3240 &
552 3185 631 3236 cum
640 3159 792 3238 Fortuna
808 3157 900 3233 redle
915 3179 1022 3232 artem
1038 3160 1252 3234 administra·
1361 3199 1365 3208 ·

485 3287 489 3310 ⁸
1195 3279 1252 3336 tu·

442 3421 497 3484 (26)
515 3419 589 3476 cnjus
603 3417 692 3468 Plinius
700 3419 815 3470 Hislmat.
845 3432 913 3468 araur.

409 3485 476 3538 Libe.
492 3499 565 3538 xxia.
591 3487 652 3544 Cap.
669 3497 689 3530 r.
709 3483 815 3532 mentio·
875 3480 932 3542 (η)
949 3479 1230 3546 Hippocrprecepnoo.

411 3563 469 3596 nent
488 3546 555 3594 facit.
588 3543 702 3600 Eiusdem
719 3543 818 3596 senten·
878 3545 933 3606 (aa)
950 3547 1255 3602 calnomumorbaeot,

411 3608 450 3664 tia
466 3607 580 3658 meminit
600 3609 688 3667 Graius
707 3607 816 3670 quidam.
847 3605 1122 3672 Libr.rr.Cap.aaarv.

415 3669 509 3720 naarai
522 3673 606 3734 lerpdr
620 3669 707 3722 aleran
717 3673 744 3732 μ’
752 3669 817 3720 aud·
