2744 4486
21 3529 24 3600 i

245 275 517 354 Pudentem
543 233 845 354 Guunuaurs.
944 297 972 362 ρ

127 427 257 484 turum.
313 398 530 478 Medicinam
556 417 676 474 totam·
692 401 791 482 enim,
821 401 887 479 effe
914 402 974 478 fir-

133 529 255 594 mam,
281 495 597 600 praeceptionesque
624 501 697 596 ejus
729 499 976 596 pulcherrimas

131 606 318 678 intantum
336 647 349 686 ,
373 618 421 678 ut.
440 600 592 680 fortuna,
604 597 738 672 eaedem
762 619 978 699 nequaquam

127 701 286 802 indigere
301 697 493 772 videantur.
519 694 619 768 Adde
628 695 804 794 explorata
813 699 877 772 effe
887 721 980 772 rnor-

129 799 259 874 borum
291 797 567 870 medicamenta:
600 817 678 892 quae
714 795 740 869 fi
764 794 980 880 subditione

128 895 296 974 Fortunae
317 896 451 985 cuent,
484 916 556 970 uon
589 893 811 992 dignarentur
836 895 981 994 amplius

137 995 379 1075 nominatione
395 991 670 1070 medicaminum.
722 991 835 1092 igitur
851 994 914 1068 hos
927 995 982 1077 so·¹

130 1097 185 1170 los
202 1095 260 1172 vei
276 1093 425 1169 successu
442 1092 542 1190 potiri
560 1090 616 1164 vel
633 1089 780 1164 frustrari
791 1095 872 1190 ‚qui
885 1093 980 1168 redte

131 1214 201 1274 aut
219 1193 311 1267 maie
328 1189 576 1288 facereaiiquid
594 1209 770 1272 noverunt.
814 1191 979 1292 Prospere

133 1293 234 1391 enim
258 1289 461 1380 succedere,
495 1289 565 1372 effe¹
594 1285 686 1362 redte
717 1293 830 1362 facere
847 1291 980 1391 ,quod

135 1415 242 1492 agere
257 1413 333 1478 eos,
359 1389 417 1488 qui
434 1387 544 1470 sciunt
562 1415 580 1460 :-
597 1387 744 1460 successu
772 1409 887 1478 autem
906 1391 980 1465 fru-

130 1489 253 1578 strari,
278 1487 365 1578 effe,
390 1485 653 1586 cumquispiam
672 1487 800 1584 aliquid
823 1490 865 1560 ad
881 1489 980 1587 pera·

128 1588 286 1761 pendum
328 1587 367 1658 in
408 1585 564 1663 animum
599 1583 770 1678 inducat,
794 1587 889 1686 quod
921 1611 980 1660 no·

151 1689 202 1760 cit
228 1687 315 1778 (29).
557 1743 560 1753 ,

189 1797 218 1872 9.,
231 1790 260 1858 8.
286 1765 717 1866 Peritia'mautemMedici
732 1771 977 1886 inprimistum
989 1812 1138 1876 uraniae.¹

134 1883 259 1986 prodi,
284 1904 385 1982 putat
394 1883 686 1980 Hippocrates,fi
697 1886 858 1960 Medicus
873 1887 978 1960 vehe·
990 1877 1047 1952 ⁶1¹¹?
1060 1877 1123 1992 ξω

134 1985 323 2058 mentiores
340 1979 662 2084 periculofioresquo
687 1969 826 2062 morbos
842 1951 1079 2060 curave·pentus

134 2085 192 2158 rit.
236 2084 368 2174 Nam,
394 2081 685 2181 quemadmodum
712 2083 896 2170 mauclerus
920 2109 981 2178 na-

135 2185 210 2258 vim
230 2180 432 2280 tempestate
451 2181 614 2280 praesente
621 2181 825 2282 gubernans,
833 2205 908 2260 tum
920 2185 981 2260 de·

134 2307 236 2356 mum
254 2281 410 2377 peritiam
427 2279 518 2354 suam
535 2281 704 2370 ostendit3
730 2285 778 2357 ita
786 2287 888 2360 etiarn
901 2285 984 2358 Me·

135 2381 239 2456 dicus
256 2381 294 2452 in
309 2377 559 2460 antedidtorum
576 2381 762 2452 curatione.
797 2382 836 2454 N
840 2408 881 2456 ec
904 2383 985 2472 ille,

136 2478 204 2554 ubi
222 2502 315 2552 mare
330 2477 547 2576 tranquillum
566 2475 669 2564 fuerit
688 2501 697 2547 :
723 2498 788 2549 nec
812 2477 902 2568 hic,
927 2476 987 2552 ubi

135 2577 288 2654 leviores
315 2577 533 2676 aegritudines
559 2576 715 2667 curarit,
744 2569 872 2674 jadiare
897 2576 989 2674 peri·

139 2679 226 2752 tiam
245 2674 339 2748 suam
356 2676 487 2774 potest:
513 2677 586 2750 imo
611 2695 753 2774 uterque
779 2675 893 2773 potest
908 2697 987 2778 gra·

138 2774 292 2852 viffimos
322 2797 451 2850 errores
475 2775 724 2868 committere,
748 2775 837 2850 citra
862 2795 901 2850 ut
925 2776 986 2848 ali·

139 2877 216 2974 quis
241 2873 432 2948 alterutrius
456 2894 594 2972 peccata
618 2872 862 2973 deprehendat.
915 2873 990 2948 Ve-

140 2999 220 3050 rum
253 2972 358 3072 iunge
392 2974 457 3047 alia
480 2974 638 3048 utriusvis
661 2971 818 3046 conditio
842 2979 935 3066 erit,
962 2973 989 3048 fi

142 3071 339 3171 periculum
375 3072 429 3147 vel
463 3071 629 3172 naufragii
654 3071 711 3147 vel
739 3074 823 3147 vitae
849 3073 989 3150 existis

141 3170 315 3248 erroribus
331 3169 435 3244 fuerit
454 3175 544 3266 (30).

191 3284 222 3358 §.
232 3295 270 3355 9.
295 3269 351 3344 Ut
366 3295 450 3344 vero
468 3267 629 3344 Medicus
655 3269 722 3344 suae
744 3272 984 3348 existimationi
999 3271 1108 3326 ΝΜ·

144 3368 319 3462 consulat,
344 3368 476 3450 neceffe
490 3367 539 3448 est
557 3365 621 3470 ipst
634 3366 784 3465 laborem
809 3373 986 3472 impende·
998 3338 1114 3466 {3352

953 3496 990 3550 re
1002 3461 1110 3516 stentem

999 3527 1137 3596 provideat.

155 3690 160 3704 Ι
175 3629 232 3694 (29)
244 3628 367 3708 ⁸Hippott.
380 3627 446 3679 Libt.
460 3627 491 3678 de
503 3629 554 3683 lot.
615 3617 670 3696 (io)
686 3633 725 3682 De
738 3627 935 3688 sustineritis.

152 3695 279 3748 uhomto.
294 3690 520 3760 momentus,
710 3760 744 3836 A
772 3780 789 3859 3
838 3742 843 3757 ι

1237 3493 1243 3506 t
1339 3472 1349 3504 Ι
